% This file was created with JabRef 2.10.
% Encoding: Cp1252


@InProceedings{avci11,
  Title                    = {Performance of the EDR methods: evaluations using the mean and instantaneous respiration rates},
  Author                   = {Avci, C. and Besli, S. and Akbas, A.},
  Booktitle                = {Bioinformatics and Biomedical Engineering,(iCBBE) 2011 5th International Conference on},
  Year                     = {2011},
  Editor                   = {Ieee,},
  Pages                    = {1--5},

  Date-added               = {2014-10-31 14:10:29 +0000},
  Date-modified            = {2014-10-31 14:11:53 +0000},
  Keywords                 = {EDR},
  Optlocation              = {Student Student (student@ibt)},
  Optnote                  = {exported from refbase (https://intern.ibt.uni-karlsruhe.de/refbase/show.php?record=11778), last updated on Tue, 28 Oct 2014 16:09:36 +0100},
  Opturl                   = {https://intern.ibt.uni-karlsruhe.de/refbase/attachedfiles/avci11.pdf}
}

@Book{bolz02,
  Title                    = {Technik in der Kardiologie: Eine interdisziplin{\"a}re Darstellung},
  Author                   = {Bolz, A. and Urbaszek, W.},
  Publisher                = {Berlin, Heidelberg: Springer},
  Year                     = {2002},

  Abstract                 = {Diagnose und Therapie von Herz-Kreislauf-Erkrankungen erfordern eine immer engere Zusammenarbeit von {\"A}rzten, Naturwissenschaftlern und Ingenieuren. Das vorliegende Lehrbuch wagt daher den Versuch eines Br{\"u}ckenschlages zwischen den Disziplinen. Im ersten Drittel werden die medizinischen Grundlagen der wichtigsten Herz-Kreislauffunktion und -erkrankungen vermittelt. Auf dieser Basis wird der Aufbau und die Funktionsweise der bekannten Diagnose- und Therapieverfahren aus dem Bereich der Kardiologie erl{\"a}utert. Dies umfasst sowohl den aktuellen Stand der Technik als auch die neuesten Trends.Das Buch richtet sich somit an Studierende, Lernende und Praktizierende in medizinischen, natur- und ingenieurwissenschaftlichen Berufen. Ziel des Buches ist es, ein gegenseitiges VerstAndnis zu wecken, um neue Techniken sinnvoll entwickeln und sicher anwenden zu k{\"o}nnen},
  Date-added               = {2014-10-31 14:14:36 +0000},
  Date-modified            = {2014-10-31 14:14:53 +0000},
  ISBN                     = {3-540-42478-4},
  Keywords                 = {Fundamentals: Physiology},
  Optkeywords              = {MRI and Pacemakers},
  Optlocation              = {Marco V{\"o}lker (voelker@ibt.uka.de)},
  Optnote                  = {exported from refbase (https://intern.ibt.uni-karlsruhe.de/refbase/show.php?record=3078), last updated on Thu, 12 Apr 2012 10:49:32 +0200}
}

@Article{de03a,
  Title                    = {Automated processing of the single-lead electrocardiogram for the detection of obstructive sleep apnoea},
  Author                   = {De Chazal, P. and Heneghan, C. and Sheridan, E. and Reilly, R. and Nolan, P. and OMalley, M.},
  Journal                  = {Biomedical Engineering, IEEE Transactions on},
  Year                     = {2003},
  Pages                    = {686--696},
  Volume                   = {50},

  Date-added               = {2014-10-31 14:09:26 +0000},
  Date-modified            = {2014-10-31 14:13:23 +0000},
  Issue                    = {6},
  Keywords                 = {ECG-Processing},
  Optlocation              = {Student Student (student@ibt)},
  Optnote                  = {exported from refbase (https://intern.ibt.uni-karlsruhe.de/refbase/show.php?record=11780), last updated on Tue, 28 Oct 2014 16:15:23 +0100},
  Opturl                   = {https://intern.ibt.uni-karlsruhe.de/refbase/attachedfiles/de03a.pdf},
  Publisher                = {Ieee}
}

@Article{dingab04,
  Title                    = {Derivation of respiratory signal from single-channel ECGs based on Source Statistics},
  Author                   = {Dingab, S. and Zhua, X. and Chena, W. and Weia, D.},
  Journal                  = {International Journal of Bioelectromagnetism},
  Year                     = {2004},

  Date-added               = {2014-10-31 14:10:02 +0000},
  Date-modified            = {2014-10-31 14:11:33 +0000},
  Keywords                 = {EDR},
  Optlocation              = {Student Student (student@ibt)},
  Optnote                  = {exported from refbase (https://intern.ibt.uni-karlsruhe.de/refbase/show.php?record=11781), last updated on Tue, 28 Oct 2014 16:18:40 +0100},
  Opturl                   = {https://intern.ibt.uni-karlsruhe.de/refbase/attachedfiles/dingab04.pdf}
}

@Article{eckberg03,
  Title                    = {The human respiratory gate},
  Author                   = {Eckberg, D. L.},
  Journal                  = {The Journal of Physiology},
  Year                     = {2003},
  Pages                    = {339--352},
  Volume                   = {548},

  Bdsk-url-1               = {http://dx.doi.org/10.1113/jphysiol.2002.037192},
  Date-added               = {2014-10-31 14:05:55 +0000},
  Date-modified            = {2014-10-31 14:06:12 +0000},
  Doi                      = {10.1113/jphysiol.2002.037192},
  ISSN                     = {0022-3751},
  Issue                    = {Pt 2},
  Keywords                 = {RSA},
  Optkeywords              = {Non-NASA Center},
  Optlocation              = {Student Student (student@ibt)},
  Optnote                  = {exported from refbase (https://intern.ibt.uni-karlsruhe.de/refbase/show.php?record=11397), last updated on Fri, 22 Nov 2013 20:57:30 +0100}
}

@Article{hirsch81,
  Title                    = {Respiratory sinus arrhythmia in humans: how breathing pattern modulates heart rate},
  Author                   = {Hirsch, J. A. and Bishop, B.},
  Journal                  = {American Journal of Physiology-Heart and Circulatory Physiology},
  Year                     = {1981},
  Pages                    = {620},
  Volume                   = {241},

  Date-added               = {2014-10-31 14:05:22 +0000},
  Date-modified            = {2014-10-31 14:06:18 +0000},
  Issue                    = {4},
  Keywords                 = {RSA},
  Optlocation              = {Student Student (student@ibt)},
  Optnote                  = {exported from refbase (https://intern.ibt.uni-karlsruhe.de/refbase/show.php?record=11785), last updated on Tue, 28 Oct 2014 16:30:39 +0100},
  Opturl                   = {https://intern.ibt.uni-karlsruhe.de/refbase/attachedfiles/hirsch81.pdf},
  Publisher                = {Am Physiological Soc}
}

@Book{kiencke08,
  Title                    = {Signalverarbeitung: Zeit-Frequenz-Analyse und Sch{\"a}tzverfahren},
  Author                   = {Kiencke, U. and Schwarz, Michael and Weickert, Thomas},
  Publisher                = {Oldenbourg},
  Year                     = {2008},

  Address                  = {M{\"u}nchen},

  Date-added               = {2014-10-31 14:07:33 +0000},
  Date-modified            = {2014-10-31 14:08:13 +0000},
  ISBN                     = {978-3-486-58668-8 ; 3-486-58668-8},
  Keywords                 = {Fundamentals: SignalProcessing},
  Optkeywords              = {Signalverarbeitung / Lehrbuch},
  Optlocation              = {Student Student (student@ibt)},
  Optnote                  = {exported from refbase (https://intern.ibt.uni-karlsruhe.de/refbase/show.php?record=8416), last updated on Wed, 11 Apr 2012 15:21:09 +0200},
  Opturl                   = {http://deposit.d-nb.de/cgi-bin/dokserv?id=3090023&prov=M&dok_var=1&dok_ext=htm}
}

@Article{langley10,
  Title                    = {Principal Component Analysis as a Tool for Analyzing Beat-to-Beat Changes in ECG Features: Application to ECG-Derived Respiration},
  Author                   = {Langley, P. and Bowers, E. J. and Murray, A.},
  Journal                  = {IEEE Transactions on Biomedical Engineering},
  Year                     = {2010},
  Pages                    = {821--829},
  Volume                   = {57},

  Abstract                 = {An algorithm for analyzing changes in ECG morphology based on principal component analysis (PCA) is presented and applied to the derivation of surrogate respiratory signals from single-lead ECGs. The respiratory-induced variability of ECG features, P waves, QRS complexes, and T waves are described by the PCA. We assessed which ECG features and which principal components yielded the best surrogate for the respiratory signal. Twenty subjects performed controlled breathing for 180 s at 4, 6, 8, 10, 12, and 14 breaths per minute and normal breathing. ECG and breathing signals were recorded. Respiration was derived from the ECG by three algorithms: the PCA-based algorithm and two established algorithms, based on RR intervals and QRS amplitudes. ECG-derived respiration was compared to the recorded breathing signal by magnitude squared coherence and cross-correlation. The top ranking algorithm for both coherence and correlation was the PCA algorithm applied to QRS complexes. Coherence and correlation were significantly larger for this algorithm than the RR algorithm(p < 0.05 and p < 0.0001, respectively) but were not significantly different from the amplitude algorithm. PCA provides a novel algorithm for analysis of both respiratory and nonrespiratory related beat-to-beat changes in different ECG features.},
  Date-added               = {2014-10-31 14:09:51 +0000},
  Date-modified            = {2014-10-31 14:12:15 +0000},
  Issue                    = {4},
  Keywords                 = {EDR},
  Optlocation              = {David Keller (dk091@ibt.uni-karlsruhe.de)},
  Optnote                  = {exported from refbase (https://intern.ibt.uni-karlsruhe.de/refbase/show.php?record=8508), last updated on Thu, 14 Jul 2011 10:48:44 +0200},
  Opturl                   = {https://intern.ibt.uni-karlsruhe.de/refbase/attachedfiles/langley10.pdf}
}

@Book{puente12,
  Title                    = {Messtechnik - Systemtheorie f{\"u}r Ingenieure und Informatiker},
  Author                   = {Puente Le{\'o}n, F. and Kiencke, U.},
  Publisher                = {Springer Berlin Heidelberg},
  Year                     = {2012},

  Date-added               = {2014-10-31 14:07:07 +0000},
  Date-modified            = {2014-10-31 14:08:25 +0000},
  ISBN                     = {978-3-642-30074-5},
  Keywords                 = {Fundamentals: SignalProcessing},
  Optlocation              = {Walther Schulze (schulze@ibt.uka.de)},
  Optnote                  = {exported from refbase (https://intern.ibt.uni-karlsruhe.de/refbase/show.php?record=11690), last updated on Sun, 14 Sep 2014 18:22:05 +0200}
}

@Book{puente11a,
  Title                    = {Signale und Systeme},
  Author                   = {Puente Le{\'o}n, F. and Kiencke, U. and J{\"a}kel, H.},
  Publisher                = {Oldenbourg Verlag},
  Year                     = {2011},

  Address                  = {M{\"u}nchen},

  Date-added               = {2014-10-31 14:07:10 +0000},
  Date-modified            = {2014-10-31 14:08:21 +0000},
  ISBN                     = {978-3-486-70797-7},
  Keywords                 = {Fundamentals: SignalProcessing},
  Optlocation              = {Student Student (student@ibt )},
  Optnote                  = {exported from refbase (https://intern.ibt.uni-karlsruhe.de/refbase/show.php?record=11194), last updated on Thu, 01 Aug 2013 09:35:15 +0200}
}

@InProceedings{santo10,
  Title                    = {Respiration rate extraction from ECG signal via discrete wavelet transform},
  Author                   = {Santo, A. E. and Carbajal, C.},
  Booktitle                = {Circuits and Systems for Medical and Environmental Applications Workshop (CASME), 2010 2nd},
  Year                     = {2010},
  Editor                   = {Ieee,},
  Pages                    = {1--4},

  Date-added               = {2014-10-31 14:10:18 +0000},
  Date-modified            = {2014-10-31 14:12:07 +0000},
  Keywords                 = {EDR},
  Optlocation              = {Student Student (student@ibt)},
  Optnote                  = {exported from refbase (https://intern.ibt.uni-karlsruhe.de/refbase/show.php?record=11792), last updated on Tue, 28 Oct 2014 16:41:11 +0100},
  Opturl                   = {https://intern.ibt.uni-karlsruhe.de/refbase/attachedfiles/santo10.pdf}
}

@Book{schwegler11,
  Title                    = {Der Mensch - Anatomie und Physiologie},
  Author                   = {Schwegler, J. S. and Lucius, R.},
  Publisher                = {Thieme},
  Year                     = {2011},

  Address                  = {Stuttgart},
  Edition                  = {5},

  Date-added               = {2014-12-01 08:37:16 +0000},
  Date-modified            = {2014-12-01 08:38:21 +0000},
  ISBN                     = {3-13-100151-8},
  Keywords                 = {Fundamentals: Physiology},
  Optlocation              = {Assistent (assistent@ibt)},
  Optnote                  = {exported from refbase (https://intern.ibt.uni-karlsruhe.de/refbase/show.php?record=2478), last updated on Tue, 20 May 2008 16:29:58 +0200}
}

@Book{sherwood07,
  Title                    = {Human physiology},
  Author                   = {Sherwood, L.},
  Publisher                = {Thomson/Brooks/Cole},
  Year                     = {2007},

  Date-added               = {2014-12-01 08:35:34 +0000},
  Date-modified            = {2014-12-01 08:36:02 +0000},
  ISBN                     = {0-495-10934-7, 978-0-495-10934-1, 0-495-01485-0},
  Keywords                 = {Fundamentals: Physiology},
  Optkeywords              = {OussThesis},
  Optlocation              = {Student Student (student@ibt)},
  Optnote                  = {exported from refbase (https://intern.ibt.uni-karlsruhe.de/refbase/show.php?record=8388), last updated on Wed, 28 Apr 2010 09:04:45 +0200}
}

@Book{silbernagl01,
  Title                    = {Taschenatlas der Physiologie},
  Author                   = {Silbernagl, S. and Despopoulos, A.},
  Publisher                = {Georg Thieme Verlag},
  Year                     = {2001},

  Chapter                  = {Grundlagen, Zellphysiologie},
  Date-modified            = {2014-10-31 14:06:31 +0000},
  Keywords                 = {Fundamentals: Physiology}
}

