@Book{gonzalez92bsp,
     language		= {english},
     author		= {Gonzalez, R. and Woods, R.},
     title		= {Digital image processing},
     publisher		= {Addison - Wesley Publishing Company},
     address		= {Reading, Massachusetts},
     edition		= {},
     year		= {1992},
     note		= {},    
    }

@InProceedings{riedel02,
	author={Riedel, C. H.
	and Golombeck, M. A.
	and D{\"o}ssel, O.},
	title={Simulation of non-contact measurement of the electrical impedance using an anatomical modell},
	booktitle={Biomedizinische Technik},
	year={2002},
	volume={47-1},
	pages={257--260},
	optlocation={Assistent (assistent@ibt)},
	optnote={Alter Citekey: riedel02},
	optnote={exported from refbase (https://intern.ibt.uni-karlsruhe.de/refbase/show.php?record=214), last updated on Fri, 08 Feb 2008 11:46:13 +0100},
	opturl={https://intern.ibt.uni-karlsruhe.de/refbase/attachedfiles/riedel02.pdf}
}

@Inbook{silbernagl01,
	author={Silbernagl, S.
	and Despopoulos, A.},
	chapter={Grundlagen, Zellphysiologie},
	title={Taschenatlas der Physiologie},
	year={2001},
	publisher={Georg Thieme Verlag},
	address={Stuttgart},
	pages={2--41},
	optlocation={Assistent (assistent@ibt)},
	optnote={Alter Citekey: silbernagl01a1},
	optnote={exported from refbase (https://intern.ibt.uni-karlsruhe.de/refbase/show.php?record=1537), last updated on Fri, 23 May 2008 21:04:28 +0200}
}